@inbook{dcc_intro,
    url = {https://doi.org/10.1515/9783110198119.273},
    title = {On single-deletion-correcting codes},
    booktitle = {Codes and Designs},
    author = {N. J. A. Sloane},
    editor = {K.T. Arasu and Ákoss Seress},
    publisher = {De Gruyter},
    address = {Berlin, New York},
    pages = {273--292},
    doi = {doi:10.1515/9783110198119.273},
    isbn = {9783110198119},
    year = {2002},
}

@article{VT,
    title = {On the Varshamov–Tenengolts construction on binary strings},
    journal = {Discrete Mathematics},
    volume = {317},
    pages = {79-90},
    year = {2014},
    issn = {0012-365X},
    doi = {https://doi.org/10.1016/j.disc.2013.11.003},
    url = {https://www.sciencedirect.com/science/article/pii/S0012365X13004524},
    author = {Ankur A. Kulkarni and Negar Kiyavash and R. Sreenivas},
}

@article{Levenshtein,
  title={Binary codes capable of correcting deletions, insertions, and reversals},
  author={Vladimir I. Levenshtein},
  journal={Soviet physics. Doklady},
  year={1965},
  volume={10},
  pages={707-710},
  url={https://api.semanticscholar.org/CorpusID:60827152}
}

@article{DP,
    author = {Wagner, Robert A. and Fischer, Michael J.},
    title = {The String-to-String Correction Problem},
    year = {1974},
    issue_date = {Jan. 1974},
    publisher = {Association for Computing Machinery},
    address = {New York, NY, USA},
    volume = {21},
    number = {1},
    issn = {0004-5411},
    url = {https://doi.org/10.1145/321796.321811},
    doi = {10.1145/321796.321811},
    journal = {J. ACM},
    pages = {168–173},
    numpages = {6}
}
